[gd_scene load_steps=8 format=3 uid="uid://m7po0si6bx2d"]

[ext_resource type="Script" path="res://ld53/scenes/about.gd" id="1_41ppf"]
[ext_resource type="PackedScene" uid="uid://cxewikr0e83bu" path="res://addons/gs_ludumdare/scenes/ludum_about.tscn" id="1_rxmqc"]
[ext_resource type="FontFile" uid="uid://dned42yv1mage" path="res://ld53/fonts/Erika Ormig.ttf" id="2_150g0"]
[ext_resource type="PackedScene" uid="uid://eicpvar8vouv" path="res://ld53/scenes/playfield.tscn" id="2_wmoyi"]
[ext_resource type="Texture2D" uid="uid://clcp8xqh51ld2" path="res://ld53/assets/button.png" id="5_d0ocu"]
[ext_resource type="Texture2D" uid="uid://1mykwhpmnwar" path="res://ld53/assets/button_hover.png" id="6_vdh4e"]
[ext_resource type="FontFile" uid="uid://manmgo40awsn" path="res://ld53/fonts/STENCIL.TTF" id="7_7pq88"]

[node name="About" type="Node2D"]
script = ExtResource("1_41ppf")

[node name="Playfield" parent="." instance=ExtResource("2_wmoyi")]

[node name="Template" parent="Playfield" index="3"]
visible = false

[node name="Tent" parent="Playfield" index="4"]
visible = false

[node name="Intel" parent="Playfield" index="5"]
visible = false

[node name="Contracts" parent="Playfield" index="6"]
visible = false

[node name="LudumAbout" parent="." instance=ExtResource("1_rxmqc")]

[node name="MenuButton" parent="LudumAbout/Node" index="0"]
visible = false

[node name="InformationAbout" parent="LudumAbout/Node" index="1"]
offset_bottom = -202.0
theme_override_colors/default_color = Color(0, 0, 0, 1)
theme_override_fonts/normal_font = ExtResource("2_150g0")
theme_override_font_sizes/normal_font_size = 20
bbcode_enabled = true
text = "Hello World"

[node name="LabelCopyright" parent="LudumAbout/Node" index="2"]
visible = false

[node name="Home" type="TextureButton" parent="LudumAbout/Node" index="3"]
anchors_preset = 7
anchor_left = 0.5
anchor_top = 1.0
anchor_right = 0.5
anchor_bottom = 1.0
offset_left = -72.0
offset_top = -120.0
offset_right = 72.0
offset_bottom = -72.0
grow_horizontal = 2
grow_vertical = 0
texture_normal = ExtResource("5_d0ocu")
texture_hover = ExtResource("6_vdh4e")

[node name="Label" type="Label" parent="LudumAbout/Node/Home"]
layout_mode = 0
offset_left = 4.0
offset_top = 10.0
offset_right = 139.0
offset_bottom = 46.0
theme_override_colors/font_color = Color(0, 0, 0, 1)
theme_override_fonts/font = ExtResource("7_7pq88")
theme_override_font_sizes/font_size = 32
text = "HOME"
horizontal_alignment = 1
vertical_alignment = 1

[connection signal="meta_clicked" from="LudumAbout/Node/InformationAbout" to="." method="_on_information_about_meta_clicked"]
[connection signal="button_down" from="LudumAbout/Node/Home" to="." method="_on_home_button_down"]

[editable path="Playfield"]
[editable path="LudumAbout"]
